@misc{securityconcepts,
  author={Wikipedia},
  howpublished={\url{http://en.wikipedia.org/wiki/Information_security}}
}

@techreport{tls1.2,
  author={Tim Dierks and Eric Rescorla},
  title={{The Transport Layer Security (TLS) Protocol -- Version 1.2}},
  institution={Internet Engineering Task Force (IETF) Network Working Group},
  month=aug,
  year=2008,
  type={Proposed Standard},
  note={Available for viewing at \url{https://www.ietf.org/rfc/rfc5246.txt}}
}

@misc{lecture,
  author={Tuomas Aura},
  title={{Network Security: TLS/SSL}},
  howpublished={\url{http://www.cse.hut.fi/fi/opinnot/T-110.5241/2011/luennot-files/Network%20Security%2004%20-%20TLS.pdf}},
  month=nov,
  year=2010,
  note={Lecture in Network Security course}
}

@misc{lecture2,
  author={Tom Chothia},
  title={{Secure Communication}},
  howpublished={\url{http://www.cs.bham.ac.uk/internal/courses/comp-sec/2013/Lectures/8_SSL/8_RemoteAuth.pdf}},
  year=2013,
  note={Lecture in Computer Security course}
}

@incollection{PFS,
  year={2005},
  isbn={978-0-387-23473-1},
  booktitle={Encyclopedia of Cryptography and Security},
  editor={van Tilborg, Henk C.A.},
  doi={10.1007/0-387-23483-7_298},
  title={Perfect Forward Secrecy},
  url={http://dx.doi.org/10.1007/0-387-23483-7_298},
  publisher={Springer US},
  author={Hugo Krawczyk},
  pages={457-458},
  language={English}
}

@article{osi, 
  author={Day, J.D. and Hubert Zimmermann}, 
  journal={Proceedings of the IEEE}, 
  title={{The OSI reference model}}, 
  year=1983, 
  month=dec, 
  volume=71, 
  number=12, 
  pages={1334-1340}, 
  keywords={ARPANET;Communication standards;Computer networks;ISO standards;Open systems;Packet switching;Protocols;Springs;Standards development;Standards organizations}, 
  doi={10.1109/PROC.1983.12775}, 
  ISSN={0018-9219}
}

@phdthesis{sslanalysis,
  author={Christopher Meyer},
  title={20 Years of {SSL}/{TLS} Research - An Analysis of the Internetâ€™s Security Foundation},
  day=9,
  month=feb,
  year=2014,
  school={Ruhr-University Bochum}
}

@unpublished{tankink2008verification,
  title={Verification of the {TLS Handshake} protocol},
  author={Carst Tankink and Pim Vullers},
  year=2008,
  month=may,
  note={Unpublished article}
}

@misc{idkaart,
  author={Rijksoverheid},
  title={Paspoort twee keer zo lang geldig, {ID}-kaart zonder vingerafdrukken},
  howpublished={\url{http://www.rijksoverheid.nl/nieuws/2014/01/10/paspoort-twee-keer-zo-lang-geldig-id-kaart-zonder-vingerafdrukken.html}},
  note={News article written in Dutch},
  year=2014,
  month=jan
}

@book{passportdefinition,
  title={The New Oxford Companion to Law},
  author={Peter Cane and Joanne Conaghan},
  publisher={Oxford University Press},
  year=2008,
  isbn={9780199290543}
}

@techreport{icao,
  author={{ISO/IEC JTC1 SC17 WG3/TF5}},
  title={Supplemental Access Control for Machine Readable Travel Documents -- Part 1--3},
  year=2010,
  month=nov,
  institution={International Civil Aviation Organization (ICAO)},
  number={Doc 9303}
}

@techreport{bsi,
  author={},
  title={Advanced Security Mechanisms for Machine Readable Travel Documents and {eIDAS} Token -- Part 1 --- {eMRTDs} with {BAC/PACEv2} and {EACv1} --- version 2.20},
  year=2015,
  month=feb,
  institution={German Federal Office for Information Security (BSI)},
  address={Bonn, Germany},
  number={TR-03110-1},
  key={BSI}
}

@techreport{mostowski2010electronic,
  title={Electronic passports in a nutshell},
  author={Mostowski, Wojciech and Poll, Erik},
  year={2010},
  month=jun,
  institution={Radboud University Nijmegen},
  number={ICIS--R10004},
  note={Available at \url{https://pms.cs.ru.nl/iris-diglib/src/getContent.php?id=2010-Mostowski-ElectronicNutshell}}
}

